@software{ttt,
  author="Shangtong Zhang and Jan Hakenberg and Tian Jun and Kenta Shimada",
  title="Tic Tac Toe",
  url="https://github.com/ShangtongZhang/reinforcement-learning-an-introduction/blob/master/chapter01/tic_tac_toe.py",
  year="2018"
},

@software{mod-ttt,
  title="Symmetric Tic Tac Toe",
  url="https://github.com/RenatoGeh/mac5788/blob/master/ep1/ttt.py",
  year="2019"
}
